%% This BibTeX bibliography file was created using BibDesk.
%% https://bibdesk.sourceforge.io/

%% Created for Hannah Winter at 2023-06-07 14:10:17 +0200 


%% Saved with string encoding Unicode (UTF-8) 

@misc{MNOSurfaces,
      title={Singularities of Frontal Surfaces}, 
      author={C. Mu単oz-Cabello and J. J. Nu単o-Ballesteros and R. Oset Sinha},
      year={2022},
      eprint={2205.02097},
      archivePrefix={arXiv},
      primaryClass={math.AG}
}

@misc{MNODeformations,
      title={Deformations of corank $1$ frontals}, 
      author={C. Mu単oz-Cabello and J. J. Nu単o-Ballesteros and R. Oset Sinha},
      year={2023},
      eprint={2302.13621},
      archivePrefix={arXiv},
      primaryClass={math.AG}
}